@INPROCEEDINGS{Lum_ADSB_sUAS_2017,
      AUTHOR = {Lum, Christopher W. and Larson, Robert S. and Handley, Ward and Lui, Selina and Caratao, Zachary},
       TITLE = {Flight Testing an ADS-B Equipped sUAS in GPS-Denied Environments},
   BOOKTITLE = {Proceedings of the AIAA Flight Testing Conference},
        YEAR = {2017},
       MONTH = {June},
     ADDRESS = {Denver, CO},
ORGANIZATION = {},
        NOTE = {},
    KEYWORDS = {},
     COMMENT = {},
    ABSTRACT = {},
}

@ARTICLE{Lum_Searching_JACIC_2010,
      AUTHOR = {Lum, Christopher W. and Vagners, Juris and Rysdyk, Rolf T.},
       TITLE = {Search Algorithm for Teams of Heterogeneous Agents with Coverage Guarantees},
     JOURNAL = {AIAA Journal of Aerospace Computing, Information, and Communication},
        YEAR = {2010},
       VOLUME = {7},
       PAGES = {1-31},
       MONTH = {January},
    ABSTRACT = {}
}
